@article{mainArticle,
  author       = {Aaron Chan and Anant Kharkar and Roshanak Zilouchian Moghaddam and Yevhen
  Mohylevskyy and Alec Helyar and Eslam Kamal and Mohamed Elkamhawy and Neel Sundaresan},
  title        = {Transformer-based Vulnerability Detection in Code at EditTime : Zero-shot, Few-shot, or Fine-tuning ?},
%  journal      = {Journal Name},
  year         = {2023},
%  volume       = {Volume Number},
%  number       = {Issue Number},
%  pages        = {Start-End Pages},
  month        = {05},
%  note         = {Additional Notes},
%  doi          = {DOI},
%  issn         = {ISSN Number},
%  url          = {URL}
}

@article{attentionAYN,
  author       = {Ashish Vaswani and Noam Shazeer and Niki Parmar and Jakob Uszkoreit and Llion Jones and Aidan N. Gomez and Lukasz Kaiser and Illia Polosukhin},
  title        = {Attention is all you need},
  journal      = {Advances in Neural Information Processing Systems},
  year         = {2017},
%  volume       = {Volume Number},
%  number       = {Issue Number},
%  pages        = {Start-End Pages},
%  month        = {05},
%  note         = {Additional Notes},
%  doi          = {DOI},
%  issn         = {ISSN Number},
%  url          = {URL}
}
@article{DL_SA,
  author       = {Chakraborty S. and Pandey R. and Sinha S. },
  title        = {Deep Learning for Static and Dynamic Analysis of Code Vulnerabilities},
  journal      = {In ACM Transactions on Software Engineering and Methodology},
  year         = {2020},
%  volume       = {Volume Number},
%  number       = {Issue Number},
%  pages        = {Start-End Pages},
%  month        = {05},
%  note         = {Additional Notes},
%  doi          = {DOI},
%  issn         = {ISSN Number},
%  url          = {URL}
}
@article{CVD_ComparativeAnalysis,
  author       = {Shaznin Sultana and Sadia Afreen and Nasir U. Eisty},
  title        = {Code Vulnerability Detection: A Comparative Analysis of Emerging Large Language
 Models},
  journal      = {Boise State University},
  year         = {2024},
%  volume       = {Volume Number},
%  number       = {Issue Number},
%  pages        = {Start-End Pages},
%  month        = {05},
%  note         = {Additional Notes},
%  doi          = {DOI},
%  issn         = {ISSN Number},
  url          = {https://arxiv.org/pdf/2409.10490}
}

@article{Microsoft_AI_Code_Security,
  author       = {Microsoft Security Team},
  title        = {AI-powered Code Security: A Comparative Analysis.},
%  journal      = {In ACM Transactions on Software Engineering and Methodology},
  year         = {2023},
%  volume       = {Volume Number},
%  number       = {Issue Number},
%  pages        = {Start-End Pages},
%  month        = {05},
  note         = {Microsoft Research Whitepaper},
%  doi          = {DOI},
%  issn         = {ISSN Number},
%  url          = {URL}
}

@article{50,
  author       = {Jing Xie and Bill Chu and Heather Richter Lipford and and John T. Melton},
  title        = {ASIDE: IDE Support for Web Application Security},
%  journal      = {Journal Name},
  year         = {2011},
%  volume       = {Volume Number},
%  number       = {Issue Number},
%  pages        = {Start-End Pages},
  month        = {12},
%  note         = {Additional Notes},
%  doi          = {DOI},
%  issn         = {ISSN Number},
  url          = {https://citeseerx.ist.psu.edu/document?repid=rep1&type=pdf&doi=4254ae65928b3d6c2eaadc1752f01dd352ce4d62}
}

@article{vuln_cost,
  author       = {Afsah Anwar and Aminollah Khormali and DaeHun Nyang and Aziz Mohaisen},
  title        = {Understanding the Hidden Cost of Software Vulnerabilities: Measurements and
  Predictions},
  publisher = {University of Central Florida},
%  journal      = {Journal Name},
  year         = {2018},
%  volume       = {Volume Number},
%  number       = {Issue Number},
%  pages        = {Start-End Pages},
%  note         = {Additional Notes},
%  doi          = {DOI},
%  issn         = {ISSN Number},
  url          = {https://www.cs.ucf.edu/~mohaisen/doc/sc18.pdf}
}

@article{vuln_cost2,
  author       = {Afsah Anwar and Aminollah Khormali and Jinchun Choi and Hisham Alasmary and
  Sung J. Choi1 and DaeHun Nyang and David Mohaisen},
  title        = {Measuring the Cost of Software Vulnerabilities},
  publisher = {EAI Endorsed Transactions on Security and Safety},
%  journal      = {Journal Name},
  year         = {2020},
  month         = {05},
%  volume       = {Volume Number},
%  number       = {Issue Number},
%  pages        = {Start-End Pages},
%  note         = {Additional Notes},
%  doi          = {DOI},
%  issn         = {ISSN Number},
  url          = {https://d1wqtxts1xzle7.cloudfront.net/94423818/eai.13-7-2018-libre.pdf?1668727337=&response-content-disposition=inline%3B+filename%3DMeasuring_the_Cost_of_Software_Vulnerabi.pdf&Expires=1743259891&Signature=OXN2-NDnTwqgEuyxIaXR4DRTA3jChwv624CgaMt6cM6enpQxXbQbtqBUY9yXNQ2waViwCOmORJ~ME0qPyOsQJNrpQh6wlNYgknvwrJ7xlhypzc~J0S0OFv661gjFUk-tR5oWMMslp~57gcysxNIzL4Tf6m~ODTtOBY7f2nZIhdlMYnD4vnQZ-QaKBnYp5IyU6FvnR~mcHNPrgGcyOuj~vmtEhtP9c23goy3hVNrugf7NIyNPt4nsrV2B4s~wD9lGQmppJSRTvgdV5YWixPv2XlgjON6TCemwAEZ4ay9V7TdVLcWMTFATa5BpAhPOXZUBdft2hR43XXjp86k2907CqA__&Key-Pair-Id=APKAJLOHF5GGSLRBV4ZA}
}

@article{IntelliCode,
  author       = {Alexey Svyatkovskiy and Shao Kun Deng and Shengyu Fu and Neel Sundaresan},
  title        = {IntelliCode Compose: Code Generation using Transformer},
%  journal      = {Journal Name},
  year         = {2021},
%  volume       = {Volume Number},
%  number       = {Issue Number},
%  pages        = {Start-End Pages},
  month        = {12},
%  note         = {Additional Notes},
%  doi          = {DOI},
%  issn         = {ISSN Number},
  url          = {https://arxiv.org/pdf/2005.08025}
}

@article{38metrics,
  author       = {Hammond Pearce and Baleegh Ahmad and Benjamin Tan and Brendan Dolan-Gavitt and Ramesh Karri},
  title        = {Asleep at the Keyboard? Assessing the Security of GitHub Copilotâ€™s Code
  Contributions},
%  journal      = {Journal Name},
  year         = {2020},
%  volume       = {Volume Number},
%  number       = {Issue Number},
%  pages        = {Start-End Pages},
  month        = {11},
%  note         = {Additional Notes},
%  doi          = {DOI},
%  issn         = {ISSN Number},
  url          = {https://arxiv.org/pdf/2108.09293}
}
@article{citing1,
  author       = {Xinyi Hou and Yanjie Zhao and Yue Liu and Zhou Yang and Kailong Wang and Li Li and Xiapu Luo and David Lo and John Grundy and Haoyu Wang},
  title        = {Large Language Models for Software Engineering: A Systematic Literature Review},
%  journal      = {Journal Name},
  year         = {2024},
%  volume       = {Volume Number},
%  number       = {Issue Number},
%  pages        = {Start-End Pages},
  month        = {12},
%  note         = {Additional Notes},
%  doi          = {DOI},
%  issn         = {ISSN Number},
  url          = {https://arxiv.org/pdf/2308.10620}
}
@article{citing2,
  author        = {Zibin Zheng and Kaiwen Ning and Qingyuan Zhong and Jiachi Chen and Wenqing Chen
 and Lianghong Guo and Weicheng Wang and Yanlin Wang},
  title       = {Towards an Understanding of Large Language Models in Software Engineering Tasks},
%  journal      = {Journal Name},
  year         = {2024},
%  volume       = {Volume Number},
%  number       = {Issue Number},
%  pages        = {Start-End Pages},
  month        = {12},
%  note         = {Additional Notes},
%  doi          = {DOI},
%  issn         = {ISSN Number},
  url          = {https://arxiv.org/pdf/2308.11396}
}
@article{citing3,
  author       = {Zibin Zheng and Kaiwen Ning and Yanlin Wang and Jingwen Zhang and Dewu Zheng and Mingxi Ye and Jiachi Chen},
  title        = {A Survey of Large Language Models for Code: Evolution, Benchmarking, and Future
 Trends},
%  journal      = {Journal Name},
  year         = {2024},
%  volume       = {Volume Number},
%  number       = {Issue Number},
%  pages        = {Start-End Pages},
  month        = {01},
%  note         = {Additional Notes},
%  doi          = {DOI},
%  issn         = {ISSN Number},
  url          = {https://arxiv.org/pdf/2311.10372}
}
@article{citing4,
  author       = {Hanxiang Xu and Shenao Wang and Ningke Li and Kailong Wang and Yanjie Zhao and Kai Chen and Ting Yu and Yang Liu and Haoyu Wang},
  title        = {Large Language Models for Cyber Security: A Systematic Literature Review},
%  journal      = {Journal Name},
  year         = {2024},
%  volume       = {Volume Number},
%  number       = {Issue Number},
%  pages        = {Start-End Pages},
  month        = {07},
%  note         = {Additional Notes},
%  doi          = {DOI},
%  issn         = {ISSN Number},
  url          = {https://arxiv.org/pdf/2405.04760}
}

@article{citing5,
  author    = {Ziyin Zhang and Chaoyu Chen and Bingchang Liu and Cong Liao and Zi Gong and Hang Yu and Jianguo Li and Rui Wang},
  title     = {Unifying the Perspectives of NLP and Software Engineering: A Survey on Language Models for Code},
  journal   = {Preprint},
  year      = {2025},
  month      = {06},
  url      = {https://arxiv.org/pdf/2311.07989}
}


@article{evaluatingLLMs,
  author       = {Mark Chen and Jerry Tworek and Heewoo Jun and Qiming Yuan and Henrique Ponde de Oliveira Pinto and Jared Kaplan and Harri Edwards and Yuri Burda and Nicholas Joseph and Greg Brockman and Alex Ray and Raul Puri and Gretchen Krueger and Michael Petrov and Heidy Khlaaf and Girish Sastry and Pamela Mishkin and Brooke Chan and Scott Gray and Nick Ryder and Mikhail Pavlov and Alethea Power and Lukasz Kaiser and Mohammad Bavarian and Clemens Winter and Philippe Tillet and Felipe Petroski Such and Dave Cummings and Matthias Plappert and Fotios Chantzis and Elizabeth Barnes and Ariel Herbert-Voss and William Hebgen Guss and Alex Nichol and Alex Paino and Nikolas Tezak and Jie Tang and Igor Babuschkin and Suchir Balaji and Shantanu Jain and William Saunders and Christopher Hesse and Andrew N. Carr and Jan Leike and Josh Achiam and Vedant Misra and Evan Morikawa and Alec Radford and Matthew Knight and Miles Brundage and Mira Murati and Katie Mayer and Peter Welinder and Bob McGrew and Dario Amodei and Sam McCandlish and Ilya Sutskever and Wojciech Zaremba},
  title        = {Evaluating Large Language Models Trained on Code},
%  journal      = {Journal Name},
  year         = {07},
%  volume       = {Volume Number},
%  number       = {Issue Number},
%  pages        = {Start-End Pages},
  month        = {11},
%  note         = {Additional Notes},
%  doi          = {DOI},
%  issn         = {ISSN Number},
  url          = {https://arxiv.org/pdf/2107.03374}
}

@article{rennes,
  author       = {Jean HaurognÃ© and Nihala Basheer and Shareeful Islam},
  title        = {Vulnerability detection using BERT based LLM model with transparency obligation practice towards trustworthy AI},
%  journal      = {Journal Name},
  year         = {07},
%  volume       = {Volume Number},
%  number       = {Issue Number},
%  pages        = {Start-End Pages},
  month        = {11},
%  note         = {Additional Notes},
%  doi          = {DOI},
%  issn         = {ISSN Number},
  url          = {https://www.sciencedirect.com/science/article/pii/S2666827024000744}
}

@book{UDL,
  author       = {Simon J.D. Prince},
  title        = {Understanding Deep Learning},
  publisher    = {The MIT Press},
  year         = {2024},
  month        = {11},
  url          = {https://udlbook.github.io/udlbook/}
%  note         = {Additional Notes},
}

@online{Tabnine,
    title        = {Tabnine: Industry-leading AI code assistant},
    year         = {2025},
    month        = {03},
    url          = {https://www.tabnine.com/about/}
}

@online{Copilot,
    title        = {GitHub Copilot : Your AI pair programmer},
    year         = {2025},
    month        = {03},
    url          = {https://github.com/features/copilot}
}

@online{Copilot_Security,
    title        = {Copilot amplifies insecure codebases by replicating vulnerabilities in your projects},
    year         = {2024},
    month        = {02},
    url          = {https://snyk.io/blog/copilot-amplifies-insecure-codebases-by-replicating-vulnerabilities/}
}

@misc{discussionGPT3,
  title = {OpenAI GPT-3 API: What is the difference between davinci and text-davinci-003 },
  year = {2023},
  notes = {Discussion sur les diffÃ©rences entre les modÃ¨les Davinci et Text-Davinci-003}
}

@misc{Azure_DeprecatedModels,
  title = {Azure OpenAI Service deprecated models},
  notes = {Liste des modÃ¨les dÃ©prÃ©ciÃ©s et recommandations de remplacement}
}

@misc{Awersome_Automated_Vulnerability_Detection,
  title = {Awesome Automated Vulnerability Detection},
  url = {https://github.com/alan-turing-institute/awesome-AVD},
  year = {2024},
  notes = {Compilation de recherches sur la dÃ©tection automatique des vulnÃ©rabilitÃ©s}
}

@misc{Liste_AA_Logiciel,
  title = {Machine Learning for Software Engineering},
  notes = {Compilation de recherches sur la dÃ©tection automatique des vulnÃ©rabilitÃ©s},
  url = {https://github.com/saltudelft/ml4se/blob/master/README.md}
}

%@book{citation_key_book,
%  author       = {Author Name},
%  title        = {Title of the Book},
%  publisher    = {Publisher Name},
%  year         = {2000},
%  volume       = {Volume Number},
%  series       = {Series Title},
%  address      = {Publisher Address},
%  edition      = {Edition (e.g., 2nd)},
%  month        = {01},
%  note         = {Additional Notes},
%  isbn         = {0-13-603313-X}
%}
%
%@inproceedings{citation_key_conference,
%  author       = {Author Name},
%  title        = {Title of the Paper},
%  booktitle    = {Title of the Conference Proceedings},
%  year         = {2000},
%  editor       = {Editor(s) Name},
%  volume       = {Volume Number},
%  number       = {Issue Number},
%  series       = {Series Title},
%  pages        = {Start-End Pages},
%  address      = {Publisher Address},
%  month        = {01},
%  organization = {Sponsoring Organization},
%  publisher    = {Publisher Name},
%  note         = {Additional Notes}
%}
%
%@incollection{citation_key_chapter,
%  author       = {Author Name},
%  title        = {Title of the Chapter},
%  booktitle    = {Title of the Book},
%  publisher    = {Publisher Name},
%  year         = {2000},
%  editor       = {Editor(s) Name},
%  volume       = {Volume Number},
%  number       = {Issue Number},
%  series       = {Series Title},
%  type         = {Type of Work},
%  chapter      = {Chapter Number},
%  pages        = {Start-End Pages},
%  address      = {Publisher Address},
%  edition      = {Edition (e.g., 2nd)},
%  month        = {01},
%  note         = {Additional Notes}
%}
%
%@booklet{citation_key_booklet,
%  title        = {Title of the Booklet},
%  author       = {Author Name},
%  howpublished = {How It Was Published},
%  address      = {Publisher Address},
%  month        = {01},
%  year         = {2000},
%  note         = {Additional Notes}
%}
%
%@phdthesis{citation_key_phd,
%  author       = {Author Name},
%  title        = {Title of the Thesis},
%  school       = {University Name},
%  year         = {2000},
%  type         = {Type of Thesis (e.g., PhD)},
%  address      = {School Address},
%  month        = {01},
%  note         = {Additional Notes},
%  url          = {URL}
%}
%
%@mastersthesis{citation_key_thesis,
%  author       = {Author Name},
%  title        = {Title of the Thesis},
%  school       = {University Name},
%  year         = {2000},
%  type         = {Type of Thesis (e.g., Master's)},
%  address      = {School Address},
%  month        = {01},
%  note         = {Additional Notes},
%  url          = {URL}
%}
%
%@techreport{citation_key_report,
%  author       = {Author Name},
%  title        = {Title of the Report},
%  institution  = {Institution Name},
%  year         = {2000},
%  type         = {Type of Report},
%  number       = {Report Number},
%  address      = {Institution Address},
%  month        = {01},
%  note         = {Additional Notes},
%  url          = {URL}
%}
%
%@misc{citation_key_misc,
%  author       = {Author Name},
%  title        = {Title of the Work},
%  howpublished = {How It Was Published (e.g., online, personal communication)},
%  year         = {2000},
%  month        = {01},
%  note         = {Additional Notes},
%  url          = {URL}
%}
%
%@unpublished{citation_key_unpublished,
%  author       = {Author Name},
%  title        = {Title of the Work},
%  note         = {Note (e.g., forthcoming, in preparation)},
%  month        = {01},
%  year         = {2000}
%}